@book{BvQMT,
  title={Mengentheoretische Topologie},
  author={von Querenburg, B.},
  isbn={9783540677901},
  series={Springer-Lehrbuch},
  year={2001},
  publisher={Springer Berlin Heidelberg}
}

@book{MunTop,
  title={Topology},
  author={Munkres, J. R.},
  isbn={9780134689517},
  edition={2nd},
  year={2000},
  publisher={Pearson Education}
}